@inproceedings{Fang2011,
 author = {Fang, Jianbin and Varbanescu, Ana Lucia and Sips, Henk},
 title = {A Comprehensive Performance Comparison of CUDA and OpenCL},
 booktitle = {Proceedings of the 2011 International Conference on Parallel Processing},
 series = {ICPP '11},
 year = {2011},
 pages = {216--225},
} 

@article{Thouti2012,
 author = {Krishnahari, Thouti and S.R.Sathe},
 title = {Comparison of OpenMP and OpenCL Parallel Processing Technologies},
 journal = {IJACSA},
 year = {2012},
}

@article{Fang2010,
 author = {Fang, Wenbin and He, Bingsheng and Luo, Qiong},
 title = {Database Compression on Graphics Processors},
 journal = {Proc. VLDB Endow.},
 year = {2010},
 pages = {670--680},
}

@article{He2009,
 author = {He, Bingsheng and Lu, Mian and Yang, Ke and Fang, Rui and Govindaraju, Naga K. and Luo, Qiong and Sander, Pedro V.},
 title = {Relational Query Coprocessing on Graphics Processors},
 journal = {ACM Trans. Database Syst.},
 year = {2009},
 pages = {21:1--21:39},
}

@inproceedings{He2008,
 author = {He, Bingsheng and Yang, Ke and Fang, Rui and Lu, Mian and Govindaraju, Naga and Luo, Qiong and Sander, Pedro},
 title = {Relational Joins on Graphics Processors},
 booktitle = {Proceedings of the 2008 ACM SIGMOD International Conference on Management of Data},
 series = {SIGMOD '08},
 year = {2008},
 pages = {511--524},
}

@inproceedings{Kaldewey2012,
 author = {Kaldewey, Tim and Lohman, Guy and Mueller, Rene and Volk, Peter},
 title = {GPU Join Processing Revisited},
 booktitle = {Proceedings of the Eighth International Workshop on Data Management on New Hardware},
 series = {DaMoN '12},
 year = {2012},
 pages = {55--62},
}

@article{Kim2009,
 author = {Kim, Changkyu and Kaldewey, Tim and Lee, Victor W. and Sedlar, Eric and Nguyen, Anthony D. and Satish, Nadathur and Chhugani, Jatin and Di Blas, Andrea and Dubey, Pradeep},
 title = {Sort vs. Hash Revisited: Fast Join Implementation on Modern Multi-core CPUs},
 journal = {Proc. VLDB Endow.},
 year = {2009},
 pages = {1378--1389},
}

@INPROCEEDINGS{pirk2011,
    author = {Holger Pirk and Stefan Manegold and Martin Kersten},
    title = {Accelerating Foreign-Key Joins Using Asymmetric Memory Channels},
    booktitle = {In VLDB - Workshop on Accelerating Data Management Systems Using Modern Processor and Storage Architectures},
    year = {2011}
}

@article{He2013,
 author = {He, Jiong and Lu, Mian and He, Bingsheng},
 title = {Revisiting Co-processing for Hash Joins on the Coupled CPU-GPU Architecture},
 journal = {Proc. VLDB Endow.},
 year = {2013},
 pages = {889--900},
}

@article{He2014,
 author = {He, Jiong and Zhang, Shuhao and He, Bingsheng},
 title = {In-cache Query Co-processing on Coupled CPU-GPU Architectures},
 journal = {Proc. VLDB Endow.},
 year = {2014},
 pages = {329--340},
}

@article{Zhang2013,
 author = {Zhang, Shuhao and He, Jiong and He, Bingsheng and Lu, Mian},
 title = {OmniDB: Towards Portable and Efficient Query Processing on Parallel CPU/GPU Architectures},
 journal = {Proc. VLDB Endow.},
 year = {2013},
 pages = {1374--1377},
}

@inproceedings{Hetherington2012,
 author = {Hetherington, Tayler H. and Rogers, Timothy G. and Hsu, Lisa and O'Connor, Mike and Aamodt, Tor M.},
 title = {Characterizing and Evaluating a Key-value Store Application on Heterogeneous CPU-GPU Systems},
 booktitle = {Proceedings of the 2012 IEEE International Symposium on Performance Analysis of Systems \& Software},
 series = {ISPASS '12},
 year = {2012},
 pages = {88--98},
}

@inproceedings{Chen2012,
 author = {Chen, Linchuan and Huo, Xin and Agrawal, Gagan},
 title = {Accelerating MapReduce on a Coupled CPU-GPU Architecture},
 booktitle = {Proceedings of the International Conference on High Performance Computing, Networking, Storage and Analysis},
 series = {SC '12},
 year = {2012},
 pages = {25:1--25:11},
}

@inproceedings{Dean2004,
 author = {Dean, Jeffrey and Ghemawat, Sanjay},
 title = {MapReduce: Simplified Data Processing on Large Clusters},
 booktitle = {Proceedings of the 6th Conference on Symposium on Opearting Systems Design \& Implementation - Volume 6},
 series = {OSDI'04},
 year = {2004},
 pages = {10--10},
}

@INPROCEEDINGS{Zhangfeng2015, 
author={F. Zhang and J. Zhai and W. Chen and B. He and S. Zhang}, 
booktitle={Modeling, Analysis and Simulation of Computer and Telecommunication Systems (MASCOTS), 2015 IEEE 23rd International Symposium on}, 
title={To Co-run, or Not to Co-run: A Performance Study on Integrated Architectures}, 
year={2015}, 
pages={89-92}, 
}

@inproceedings{Hong2010,
 author = {Hong, Chuntao and Chen, Dehao and Chen, Wenguang and Zheng, Weimin and Lin, Haibo},
 title = {MapCG: Writing Parallel Program Portable Between CPU and GPU},
 booktitle = {Proceedings of the 19th International Conference on Parallel Architectures and Compilation Techniques},
 series = {PACT '10},
 year = {2010},
 pages = {217--226},
}

@inproceedings{Linheng2015,
 author = {Heng, Lin and Jidong, Zhai and Wenguang, Chen},
 title = {Energy-Efficient Graph Traversal on Integrated CPU-GPU Architecture},
 series = {SC '15},
 year = {2015},
}

@inproceedings{Farooqui2016,
 author = {Farooqui, Naila and Roy, Indrajit and Chen, Yuan and Talwar, Vanish and Schwan, Karsten},
 title = {Accelerating Graph Applications on Integrated GPU Platforms via Instrumentation-driven Optimizations},
 booktitle = {Proceedings of the ACM International Conference on Computing Frontiers},
 series = {CF '16},
 year = {2016},
 pages = {19--28},
}

@ARTICLE{Zhong2014, 
author={J. Zhong and B. He}, 
journal={IEEE Transactions on Parallel and Distributed Systems}, 
title={Medusa: Simplified Graph Processing on GPUs}, 
year={2014}, 
pages={1543-1552}, 
}

@inproceedings{Yang2012,
 author = {Yang, Yi and Xiang, Ping and Mantor, Mike and Zhou, Huiyang},
 title = {CPU-assisted GPGPU on Fused CPU-GPU Architectures},
 booktitle = {Proceedings of the 2012 IEEE 18th International Symposium on High-Performance Computer Architecture},
 series = {HPCA '12},
 year = {2012},
 pages = {1--12},
}